@article{DBLP:journals/corr/KurkaGZ15,
  author    = {David Burth Kurka and
               Alan Godoy and
               Fernando J. Von Zuben},
  title     = {Online Social Network Analysis: {A} Survey of Research Applications
               in Computer Science},
  journal   = {CoRR},
  volume    = {abs/1504.05655},
  year      = {2015},
  url       = {http://arxiv.org/abs/1504.05655},
  archivePrefix = {arXiv},
  eprint    = {1504.05655},
  timestamp = {Mon, 13 Aug 2018 16:49:03 +0200},
  biburl    = {https://dblp.org/rec/journals/corr/KurkaGZ15.bib},
  bibsource = {dblp computer science bibliography, https://dblp.org}
}

