@article{DBLP:journals/corr/KurkaGZ15,
  author    = {David Burth Kurka and
               Alan Godoy and
               Fernando J. Von Zuben},
  title     = {Online Social Network Analysis: {A} Survey of Research Applications
               in Computer Science},
  journal   = {CoRR},
  volume    = {abs/1504.05655},
  year      = {2015},
  url       = {http://arxiv.org/abs/1504.05655},
  archivePrefix = {arXiv},
  eprint    = {1504.05655},
  timestamp = {Mon, 13 Aug 2018 16:49:03 +0200},
  biburl    = {https://dblp.org/rec/journals/corr/KurkaGZ15.bib},
  bibsource = {dblp computer science bibliography, https://dblp.org}
}

@misc{web:twitter-usange-statistics,
  author = {Internet live stats},
  title = {{Twitter Usage Statistics}},
  howpublished = "\url{https://www.internetlivestats.com/twitter-statistics/}",
  year = {2021}, 
  note = "[Online; accessed 21-March-2021]"
}